Some useful abreviations

@STRING{IEEE_ICASSP = "Proc. {IEEE} Int. Conf. Acoust. Speech, Signal Process. ({ICASSP})"}
@STRING{IEEE_ICIP   = "Proc. {IEEE} Int. Conf. Image Process. ({ICIP})"}
@STRING{SPIE_SSWMC  = "Proc. {SPIE}, Security, Steganography, and Watermarking of Multimedia Contents"}
