@book{dubois2013,
  title={MySQL},
  author={DuBois, P.},
  isbn={9780133038538},
  year={2013},
  publisher={Pearson Education}
}



@article{arduino,
  title={A placa Arduino: uma op{\c{c}}ao de baixo custo para experi{\^e}ncias de f{\i}sica assistidas pelo {PC}},
  author={de Souza, Anderson R and Paixao, Alexsander C and Uz{\^e}da, Diego D and Dias, Marco A and Duarte, Sergio and de Amorim, Helio S},
  journal={Revista Brasileira de Ensino de F{\i}sica},
  volume={33},
  number={1},
  pages={1702.1--1702.5},
  year={2011},
  month={mar{\c{c}}o},
  publisher={SciELO Brasil}
}


@manual{i2c,
author = {},
title = {UM10204 I$^{2}$C-bus specification and user manual},
date = {Abril 4, 2014},
language = {English},
version = {},
organization = {NXP},
pages= {64},
pubstate = {Abril 4, 2014},
year={Rev. 6, 4 Abril, 2014}
}

@book{arduinocookbook,
  title={Arduino cookbook},
  author={Margolis, Michael},
  year={2011},
  publisher={"O'Reilly Media, Inc."}
}


@article{russell,
  title={Introduction to embedded systems: using ANSI C and the arduino development environment},
  author={Russell, David J},
  journal={Synthesis Lectures on Digital Circuits and Systems},
  volume={5},
  number={1},
  pages={1--275},
  year={2010},
  publisher={Morgan \& Claypool Publishers}
}



@electronic{arduinocc_serial,
  title={Serial},
  author={Banzi Massimo},
  url={http://www.arduino.cc/en/Reference/Serial/},
  note={Acessado em 6 de julho de 2015}
}

@electronic{arduinocc_i2c,
  title={Serial},
  author={Banzi Massimo},
  url={https://www.arduino.cc/en/Reference/Wire},
  note={Acessado em 6 de julho de 2015}
}

@electronic{arduinocc_bootloader,
  title={Serial},
  author={Banzi Massimo},
  url={https://www.arduino.cc/en/Hacking/Bootloader?from=Tutorial.Bootloader},
  note={Acessado em 6 de julho de 2015}
}

@electronic{ArduinoEthernetShield,
  title={Arduino Ethernet Shield},
  author={Banzi Massimo},
  url={https://www.arduino.cc/en/Main/ArduinoEthernetShield},
  note={Acessado em 29 de junho de 2015}
}

@book{nodejs,
  title={Construindo aplica{\c{c}}{\~o}es com NodeJS: },
  author={Moraes, W.B.},
  isbn={9788575224564},
  year={2015},
  publisher={Novatec},
  edition = "1",
}


@book{nodejs2,
  title={Node.js the Right Way: Practical, Server-Side JavaScript That Scales},
  author={Wilson, J.R.},
  isbn={9781937785734},
  series={Pragmatic express},
  year={2013},
  publisher={Pragmatic Bookshelf}
}


@book{nodejs3,
  title={Learning Node},
  author={Powers, S.},
  isbn={9781449326159},
  year={2012},
  publisher={O'Reilly Media}
}


@book{pcb,
  title={Engenharia Assistida Por Computador},
  author={Fairbairn, A.},
  year={2008},
  publisher={Clube de Autores}
}

@book{pcb2,
  title={Fa{\c{c}}a voc{\^e} mesmo Montagens Eletr{\^o}nicas},
  author={Paiotti, R. and Braga, N.C.},
  isbn={9788565050395},
  year={2012},
  publisher={Editora Newton C. Braga}
}

@book{gravuraemmetal,
  title={Gravura em metal},
  author={Buti, M.F. and Quadros, A.L. and Oswald, C. and Domingo, F. and D{\'o}glio, M.},
  isbn={9788531405860},
  lccn={2006336096},
  year={2002},
  publisher={Imprensa Oficial do Estado}
}



@book{scrum,
  title={Essential Scrum: A Practical Guide to the Most Popular Agile Process},
  author={Rubin, K.S.},
  isbn={9780321700377},
  series={Addison-Wesley Signature Series (Cohn)},
  year={2012},
  publisher={Pearson Education}
}


@book{sql,
  title={Mastering Oracle SQL},
  author={Mishra, S. and Beaulieu, A.},
  isbn={9780596552473},
  year={2004},
  publisher={O'Reilly Media}
}


@book{privatesecurity,
  title={Introduction to Private Security},
  author={Dempsey, J.},
  isbn={9780495809852},
  lccn={2010920993},
  year={2010},
  publisher={Cengage Learning}
}


@book{gerenciamentoid,
  title={Gerenciamento de Identidades},
  author={DOS SANTOS, A.L.},
  isbn={9788574523057},
  publisher={BRASPORT},
  pages={25--43},
  year={2007},
  
}


@book{electronicaccesscontrol,
  title={Electronic Access Control},
  author={Honey, G.},
  isbn={9780750644730},
  lccn={00712221},
  year={2000},
  publisher={Newnes}
}


@inbook{maltoni2009handbook,
  author    = {Maltoni, Davide and Maio, Dario and Jain, Anil K and Prabhakar, Salil},
  title     = {Handbook of fingerprint recognition},
  year      = {2009},
  publisher = {Springer Science \& Business Media},
  address   = {},
  pages     = {1--82},
  month     = {}
}

@book{handbookbiometrics,
  title={Handbook of biometrics},
  author={Jain, Anil K and Flynn, Patrick and Ross, Arun A},
  year={2007},
  publisher={Springer Science \& Business Media}
  }


@mastersthesis{reconhecimentoorelha,
  title={Reconhecimento Biom{\'e}trico da Orelha An{\'a}lise de Factores de Qualidade de Imagem},
  author={Raposo, Rui Gabriel},
  year={2012},
  school={UNIVERSIDADE DA BEIRA INTERIOR},
  type= {Tese de mestrado}
}


@article{liu2001practical,
  title={A practical guide to biometric security technology},
  author={Liu, Simon and Silverman, Mark},
  journal={IT Professional},
  volume={3},
  number={1},
  pages={27--32},
  year={2001},
  publisher={IEEE}
}



@article{ilonen2003keystroke,
  title={Keystroke dynamics},
  author={Ilonen, Jarmo},
  journal={Advanced Topics in Information Processing--Lecture},
  pages={03--04},
  year={2003},
  publisher={Citeseer}
}


@book{clarke2011transparent,
  title={Transparent user authentication: biometrics, RFID and behavioural profiling},
  author={Clarke, Nathan},
  year={2011},
  publisher={Springer Science \& Business Media},
  pages={61-102}
}


@book{revett2008behavioral,
  title={Behavioral biometrics: a remote access approach},
  author={Revett, Kenneth},
  year={2008},
  publisher={John Wiley \& Sons}
}


@book{vacca2007biometric,
  title={Biometric technologies and verification systems},
  author={Vacca, John R},
  year={2007},
  publisher={Butterworth-Heinemann}
}

@inbook{bosworth2014computer,
  title={Computer Security Handbook, Set},
  author={Bosworth, S. and Kabay, M.E. and Whyne, E.},
  isbn={9781118851746},
  lccn={2013043853},
  year={2014},
  pages={29.2--29.15},
  publisher={Wiley},
  edition={6}
}

@article{tavares1991papiloscopia,
  title={A papiloscopia nos locais de crime},
  author={TAVARES J{\'U}NIOR, Gilberto da Silva},
  journal={S{\~a}o Paulo},
  year={1991}
}

@article{pflug2012ear,
  title={Ear biometrics: a survey of detection, feature extraction and recognition methods},
  author={Pflug, Anika and Busch, Christoph},
  journal={Biometrics, IET},
  volume={1},
  number={2},
  pages={114--129},
  year={2012},
  publisher={IET}
}

@InProceedingsPt{yan2006automatic,
  title={An Automatic 3D Ear Recognition System.},
  author={Yan, Ping and Bowyer, Kevin W},
  booktitle={3DPVT},
  pages={326--333},
  year={2006}
}

@InProceedingsPt{yuan2007ear,
  title={Ear recognition based on 2D images},
  author={Yuan, Li and Mu, Zhi-chun},
  booktitle={Biometrics: Theory, Applications, and Systems, 2007. BTAS 2007. First IEEE International Conference on},
  pages={1--5},
  year={2007},
  organization={IEEE}
}

@InProceedingsPt{zhang2005novel,
  title={A novel approach for ear recognition based on ICA and RBF network},
  author={Zhang, Hai-Jun and Mu, Zhi-Chun and Qu, Wei and Liu, Lei-Ming and Zhang, Cheng-Yang},
  booktitle={Machine Learning and Cybernetics, 2005. Proceedings of 2005 International Conference on},
  volume={7},
  pages={4511--4515},
  year={2005},
  organization={IEEE}
}

@article{chang2003comparison,
  title={Comparison and combination of ear and face images in appearance-based biometrics},
  author={Chang, Kyong and Bowyer, Kevin W and Sarkar, Sudeep and Victor, Barnabas},
  journal={Pattern Analysis and Machine Intelligence, IEEE Transactions on},
  volume={25},
  number={9},
  pages={1160--1165},
  year={2003},
  publisher={IEEE}
}

@article{larsen2008biometric,
  title={Biometric Solutions for Personal Identification},
  author={Larsen, Tormod Emsell},
  year={2008},
  publisher={Dep. of Telematics, Norwegian University of Science and Technology}
}

@book{zhang20133d,
  title={3D Biometrics: Systems and Applications},
  author={Zhang, D. and Lu, G.},
  isbn={9781461474005},
  lccn={2013937594},
  series={SpringerLink : B{\"u}cher},
  year={2013},
  publisher={Springer New York}
}


@book{couto2009segredos,
  title={Os segredos das investiga{\c{c}}{\~o}es criminais},
  author={Couto, S{\'e}rgio Pereira},
  publisher={Universo dos Livros Editora},
  year={2009},
  volume={1},
  address={S{\~a}o Paulo}
}

@book{holder2011fingerprint,
  title={The fingerprint sourcebook},
  author={Holder, Eric Himpton and Robinson, Laurie O and Laub, John H},
  year={2011},
  publisher={US Department. of Justice, Office of Justice Programs, National Institute of Justice}
}


@book{hess2008introduction,
  title={Introduction to private security},
  author={K{\"a}ren M. Hess},
  year={2008},
  publisher={Nelson Education}
}


@book{tyska2000physical,
  title={Physical Security: 150 Things you should know},
  author={Tyska, Louis A and Fennelly, Lawrence J},
  year={2000},
  publisher={Butterworth-Heinemann}
}

@book{fennelly2012effective,
  title={Effective physical security},
  author={Fennelly, Lawrence},
  year={2012},
  publisher={Butterworth-Heinemann}
}

@book{bhanu2012computational,
  title={Computational algorithms for fingerprint recognition},
  author={Bhanu, Bir and Tan, Xuejun},
  volume={1},
  year={2012},
  publisher={Springer Science \& Business Media}
}

@mastersthesis{calabaide2006biometria,
  author        = "Miguel Calabaide Junior",
  title         = "Biometria â€“ um estuto comparativo de algoritmos de reconhecimento de impress{\~o}es DIGITAIS ",
  school        = "Inst. Sup. Tupy, Soc. Educacional de Santa Catarina",
  type          = "Trabalho de conclus{\~a}o de curso",
  address       = "Joinville, SC",
  year          = "2006"
}

@book{sarfraz2005computer,
  title={Computer-aided intelligent recognition techniques and applications},
  author={Sarfraz, Muhammad},
  year={2005},
  publisher={Wiley}
}

@book{ratha2007automatic,
  title={Automatic fingerprint recognition systems},
  author={Ratha, Nalini and Bolle, Ruud},
  year={2007},
  publisher={Springer Science \& Business Media}
}

@article{alonso2007comparative,
  title={A comparative study of fingerprint image-quality estimation methods},
  author={Alonso-Fernandez, Fernando and Fierrez, Julian and Ortega-Garcia, Javier and Gonzalez-Rodriguez, Joaquin and Fronthaler, Hartwig and Kollreider, Klaus and Bigun, Josef},
  journal={Information Forensics and Security, IEEE Transactions on},
  volume={2},
  number={4},
  pages={734--743},
  year={2007},
  publisher={IEEE}
}

@InProceedingsPt{tico2001fingerprint,
  title={Fingerprint recognition using wavelet features},
  author={Tico, Marius and Immonen, Eero and R{\"a}m{\"o}, Pauli and Kuosmanen, Pauli and Saarinen, Jukka},
  booktitle={Circuits and Systems, 2001. ISCAS 2001. The 2001 IEEE International Symposium on},
  volume={2},
  pages={21--24},
  year={2001},
  organization={IEEE}
}

@electronic{electron.atom,
  title={ELECTRON - Build across platform desktop app with web technologies},
  url={http://electron.atom.io/},
  note={Acessado em 13 de janeiro de 2016}
}


@electronic{arduinocc_onewirekeypad,
  title={OneWireKeyPad library},
  author={Banzi Massimo},
  url={http://playground.arduino.cc/Code/OneWireKeyPad},
  note={Acessado em 7 de janeiro de 2016}
}


@book{catsoulis2005designing,
  title={Designing Embedded Hardware},
  author={Catsoulis, J.},
  isbn={9781449379032},
  year={2005},
  publisher={O'Reilly Media}
}

@book{ganssle2007embedded,
  title={Embedded Hardware: Know It All},
  author={Ganssle, J. and Noergaard, T. and Eady, F. and Edwards, L. and Katz, D.J. and Gentile, R. and Arnold, K. and Hyder, K. and Perrin, B.},
  isbn={9780080560748},
  series={Newnes Know It All},
  year={2007},
  publisher={Elsevier Science}
}

@book{chattopadhyay2013embedded,
  title={EMBEDDED SYSTEM DESIGN},
  author={CHATTOPADHYAY, S.},
  isbn={9788120347304},
  year={2013},
  publisher={PHI Learning}
}


@book{biafore2007visio,
  title={Visio 2007 Bible},
  author={Biafore, B.},
  isbn={9780470147986},
  series={Bible},
  year={2007},
  publisher={Wiley}
}


@book{naiburg2001uml,
  title={UML for Database Design},
  author={Naiburg, E.J. and Maksimchuck, R.A.},
  isbn={9780201721638},
  lccn={2001033569},
  series={Addison-Wesley object technology series},
  year={2001},
  publisher={Addison-Wesley}
}


@book{isikdag2015enhanced,
  title={Enhanced Building Information Models: Using IoT Services and Integration Patterns},
  author={Isikdag, U.},
  isbn={9783319218250},
  series={SpringerBriefs in Computer Science},
  year={2015},
  publisher={Springer International Publishing}
}

@book{grimmett2014arduino,
  title={Arduino Robotic Projects},
  author={Grimmett, R.},
  isbn={9781783989836},
  series={Community Experience Distilled},
  year={2014},
  publisher={Packt Publishing}
}

@book{premeaux2012arduino,
  title={Arduino Projects to Save the World},
  author={Premeaux, E. and Evans, B.},
  isbn={9781430236245},
  series={SpringerLink : B{\"u}cher},
  year={2012},
  publisher={Apress}
}

@book{tobias2015illustrated,
  title={Illustrated Guide to Door Hardware: Design, Specification, Selection},
  author={Tobias, S.},
  isbn={9781118112618},
  lccn={2014034440},
  url={https://books.google.com.br/books?id=Y7LrBgAAQBAJ},
  year={2015},
  publisher={Wiley}
}

@book{norman2011electronic,
  title={Electronic Access Control},
  author={Norman, T.L.},
  isbn={9780123820297},
  url={https://books.google.com.br/books?id=hFZHYDy4Oe8C},
  year={2011},
  publisher={Elsevier Science}
}


@manual{zfm-20,
author = {},
title = {ZFM-20 Series Fingerprint Identification Module - User Manual},
date = {Setembro 2008},
language = {English},
version = {1.4},
organization = {ZHIANTEC},
pages= {21},
pubstate = {Setembro, 2008},
year={2008}
}

@book{bassett2015introduction,
  title={Introduction to JavaScript Object Notation: A To-the-Point Guide to JSON},
  author={Bassett, L.},
  isbn={9781491929438},
  year={2015},
  publisher={O'Reilly Media}
}

@book{smith2015beginning,
  title={Beginning JSON},
  author={Smith, B.},
  isbn={9781484202029},
  series={Expert's voice in Web development},
  year={2015},
  publisher={Apress}
}

@book{heuser2009projeto,
  title={Projeto de banco de dados: Volume 4 da S{\'e}rie Livros did{\'a}ticos inform{\'a}tica UFRGS},
  author={Heuser, Carlos Alberto},
  year={2009},
  publisher={Bookman Editora}
}

@manual{pcf8574,
  title={PCF8574 Remote 8-bit I/O expander for I2C-bus},
  author={Phlilips and NXP},
  date={Novembro 22, 2002}
}

@manual{zfm20ada,
  title={Adafruit Optical Fingerprint Sensor},
  author={Lady Ada},
  publisher={Adafruit Learning System},
  date={2016}
}

@book{newman2009security,
  title={Security and Access Control Using Biometric Technologies},
  author={Newman, R.},
  isbn={9781111782481},
  year={2009},
  publisher={Cengage Learning}
}

@book{greenwald2007oracle,
  title={Oracle Essentials: Oracle Database 11g},
  author={Greenwald, R. and Stackowiak, R. and Stern, J.},
  isbn={9780596555337},
  year={2007},
  publisher={O'Reilly Media}
}

@book{stephens2009sams,
  title={Sams Teach Yourself SQL in One Hour a Day},
  author={Stephens, R. and Plew, R. and Jones, A.D.},
  isbn={9780768690392},
  series={Sams Teach Yourself},
  year={2009},
  publisher={Pearson Education}
}

%%%%%%%%%%%%%%%%%%SOLUÃ‡Ã•ES ACADÃŠMICAS%%%%%%%%%%%%%%%%%%%%%
% OK!
@mastersthesis{sanchez2011registro,
  author        = "Marcos Paulo Sanchez",
  title         = "Registro de FrequÃªncia de Discentes por Meio de Biometria",
  school        = "Dep. Eng. Mec{\^a}nica, UNITAU",
  type          = "Disserta{\c{c}}{\~a}o de mestrado",
  address       = "Taubat{\'e}, SP",
  year          = "2011"
}

@mastersthesis{canedo2003terminal,
  author        = "Jos{\'e} Alberto Fernandes Canedo",
  title         = "Terminal de Controle de Ponto e Acesso Usando Biometria e Integrado a Web",
  school        = "Esc. Eng. El{\'e}trica e de Computa{\c{c}}{\~a}o, UFG",
  type          = "Trabalho de conclus{\~a}o de curso",
  address       = "G{\^o}iania, GO",
  year          = "2003"
}

@mastersthesis{cruz2013biometria,
  author        = "Rodrigo Rohling Cruz and Sandro Dutra do Nascimento Junior",
  title         = "Biometria Aplicada a SeguranÃ§a Residencial",
  school        = "Faculdades Integradas do Vale do Iva{\'i}",
  type          = "Trabalho de conclus{\~a}o de curso",
  address       = "Ivaipor{\~a}, PR",
  year          = "2013"
}

@mastersthesis{mocellin2012trava,
  author        = "Gionatta Mocellin  and Laura Wobeto and Thayse Solis and Waldir Neto",
  title         = "TABiR â€“ Trava com Abertura BiomÃ©trica ou Remota",
  school        = "Dep. Acad{\^e}mico de Inform{\'a}tica e Eletr{\^o}nica, Universidade Tecnol{\'o}lica Federal do Paran{\'a}, UTFPR",
  type          = "Monografia",
  address       = "Curitiba, PR",
  year          = "2013"
}


@InProceedingsPt{stephanie2014control,
  Author    = {St{\'e}phanie A. Braga and Priscylla S. Tavares and Caio R. F. Barbosa and {\'E}rika B. D. Bezerra and Rogers G. F. Teixeira and Thiago O. Rodrigues and Ant{\^o}nio H. S. Lira and Jose W. M. Menezes},
  Title     = {Estudo de Caso: Sistema de Controle de Acesso por Biometria para o Aprendizado de  Sistemas Embarcados, Integra{\c{c}}{\~a}o e FormaÃ§Ã£o Profissional},
  Booktitle = {Engenharia: m{\'u}ltiplos saberes a atua{\c{c}}{\~o}es (COBENGE)},
  Year      = {2014},
  Publisher = {Instituto Federal de EducaÃ§Ã£o CiÃªncia e Tecnologia do CearÃ¡},
  Address   = {Juiz de Fora, MG, Brasil}

}

@article{neto2014sistemas,
  title={Sistemas autom{\'a}ticos de impress{\~o}es digitais integrando Java e Arduino},
  author={Esequias Aquino Duarte Neto and Ricardo de Sousa Job and Amanda Drielly Pires Venceslau and Samuel Alves da Silva and Valnyr Vasconcelos Lira},
  journal={Revista Principia-Divulga{\c{c}}{\~a}o Cient{\'\i}fica e Tecnol{\'o}gica do IFPB},
  volume={1},
  number={24},
  pages={32--41},
  year={2014},
  month={junho}
}

@article{aguirre2015biometric,
  title={Biometric access control system based on Internet of Things and using Free Hardware},
  author={Stalin Marcelo Arciniegas-Aguirre and Francklin Iv{\'a}n Rivas-Echeverr{\'i}a and Luis David Narv{\'a}ez-Erazo and Galo Hern{\'a}n Puetate-Huera},
  journal={International Journal of Innovative Science, Engineering {\&} Technology - IJISET},
  volume={2},
  number={10},
  pages={503--506},
  year={2015},
  month={outubro},
  issn={2348â€“7968}
}


@article{cortez2016development,
  title={Development of Microcontroller-Based Biometric Locker System with Short Message Service},
  author={Cortez, Crystalynne D and Badwal, Jaswinder S and Hipolito, Jocelyn R and Astillero, Ditche Jane C and Cruz, Melvie S Dela and Inalao, Jaira C},
  journal={Lecture Notes on Software Engineering - IACSIT Press},
  volume={4},
  number={2},
  pages={103--106},
  year={2016},
  month={maio},
  publisher={IACSIT Press}
}

@mastersthesis{scagnolato2005vital,
  author        = "Andr{\'e} Luis Scagnolato",
  title         = "Vital: Sistema Microcontrolado para Supervisionar o Controle de Acesso a Laborat{\'o}rios Interdisciplinares",
  school        = "Fac. Eng. Ilha Solteira, Dep. Eng. El{\'e}trica, Universidade Estadual Paulista, UNESP",
  type          = "Disserta{\c{c}}{\~a}o de mestrado",
  address       = "Ilha Solteira, SP",
  year          = "2005",
  month         = "dezembro"
  
}

@mastersthesis{lima2013proposta,
  author        = "Danilo Souza Lima",
  title         = "Proposta para Controle de Acesso FÃ­sico Seguro Baseada em Near Field Communication (NFC) e Android",
  school        = "Dep. Eng. El{\'e}trica, Esc. Eng. S{\~a}o Carlos, USP",
  type          = "Trabalho de conclus{\~a}o de curso",
  address       = "S{\~a}o Carlos, SP",
  year          = "2013"
}

@mastersthesis{garcia2013sistema,
  author        = "Karla Maria Garcia ",
  title         = "Sistema de Controle de Acesso Veicular Utilizando Tecnologia RFID",
  school        = " Inst. Federal de Educa{\c{c}}{\~a}o, Ci{\^e}ncia e
Tecnologia de Santa Catarina, IFSC",
  type          = "Monografia",
  address       = "Florian{\'o}polis, SC",
  year          = "2013"
}



@mastersthesis{oliveira2011api,
  author        = "Adriana Esmeraldo de Oliveira",
  title         = "API de SeguranÃ§a e Armazenamento de uma Arquitetura Multibiom{\'e}trica para Controle de Acesso com AutenticaÃ§Ã£o Cont{\'i}nua",
  school        = "Universidade Federal da Para{\'i}ba, UFPB",
  type          = "Disserta{\c{c}}{\~a}o de mestrado",
  address       = "Jo{\~a}o Pessoa, PB",
  year          = "2011"
}

@mastersthesis{,
  author        = "",
  title         = "",
  school        = "",
  type          = "",
  address       = "",
  year          = ""
}


@InProceedingsPt{brislawn1996fbi,
  title={FBI compression standard for digitized fingerprint images},
  author={Brislawn, Christopher M and Bradley, Jonathan N and Onyshczak, Remigius J and Hopper, Thomas},
  booktitle={SPIE's 1996 International Symposium on Optical Science, Engineering, and Instrumentation},
  pages={344--355},
  year={1996},
  organization={International Society for Optics and Photonics}
}

@book{de2007analise,
  title={An{\'a}lise de sinais para engenheiros},
  author={DE OLIVEIRA, HELIO MAGALHAES},
  year={2007},
  publisher={Brasport}
}

@book{patel2008information,
  title={Information Security: Theory and Practice},
  author={Patel, Dhiren R},
  year={2008},
  publisher={PHI Learning Pvt. Ltd.}
}

@book{duffy2008handbook,
  title={Handbook of digital human modeling: Research for applied ergonomics and human factors engineering},
  author={Duffy, Vincent G},
  year={2008},
  publisher={CRC press}
}



%%%%%%%%%%%%%%%%%%SOLUÃ‡Ã•ES DE MERCADO%%%%%%%%%%%%%%%%%%%%%

@electronic{yalerealliving,
  title={Yale Real Living Touchscreen Lever Lock},
  author={Yale},
  url={http://www.yaleresidential.com/en/yale/yaleresidential-com/residential/yale-real-living/touchscreen-lever-lock/},
  note={Acessado em 15 de dezembro de 2015}
}

@electronic{milre6300,
  title={Control Tech 6300},
  author={Advance Milre},
  url={http://www.milredobrasil.com.br/conteudo/2/control-tech-6300a8ee.html?category=6#},
  note={Acessado em 15 de dezembro de 2015}
}


@electronic{samsungshs3321,
  title={Samsung Smart Door Lock, SHS-3320/3321},
  author={Samsung SDS},
  url={https://www.samsungsds-nss.com/?p=en_shs3320&tab=detail},
  note={Acessado em 15 de dezembro de 2015}
}

@electronic{zktecol7000,
  title={L7000},
  author={ZKTECO},
  url={http://www.zkteco.co.za/l7000.html},
  note={Acessado em 16 de dezembro de 2015}
}

@electronic{samsungshsp718,
  title={Samsung Smart Door Lock, SHS-P718},
  author={Samsung SDS},
  url={https://www.samsungsds-nss.com/?p=en_SHSP718},
  note={Acessado em 16 de dezembro de 2015}
}


@electronic{zktecof7,
  title={L7000},
  author={ZKTECO},
  url={http://www.zkteco.co.za/f7.html},
  note={Acessado em 16 de dezembro de 2015}
}


@electronic{idaccess,
  title={Controlador de Acesso Multifuncional iDAccess},
  author={Crontrol ID},
  url={https://www.controlid.com.br/produtos/controlador-de-acesso},
  note={Acessado em 18 de dezembro de 2015}
}


@electronic{fingerprinttimeattendance,
  title={Fingerprint Time Attendance},
  author={5YOA},
  url={http://t.5yoa.com/},
  note={Acessado em 18 de dezembro de 2015}
}


@electronic{uareu4500digitalpersona,
  title={U.are.U 4500 Reader},
  author={CROSSMATCH},
  url={http://www.crossmatch.com/UareU4500Reader/},
  note={Acessado em 18 de dezembro de 2015}
}


@electronic{googleshopping,
  title={Google Shopping - ServiÃ§o de pesquisa de produtos},
  author={},
  url={https://www.google.com/shopping},
  note={Acessado em 19 de dezembro de 2015}
}

@book{sfetcu2014google,
  title={Google Products, Services and Tools: },
  author={Sfetcu, N.},
  year={2014},
  publisher={Nicolae Sfetcu}
}

@book{coombs2008google,
  title={Google Power Tools Bible},
  author={Coombs, T. and DeLeon, R.},
  isbn={9780470377444},
  series={Bible},
  year={2008},
  publisher={Wiley}
}



%%%%%%%%%%%%%%%%%%% MODELOS  %%%%%%%%%%%%%%%%%%%%%%%%


@InProceedingsPt{Costa2015,
  Author    = {H. B. Costa and E. L. O. Batista and R. Seara},
  Title     = {Uma EstratÃ©gia de IdentificaÃ§Ã£o de Dispositivo de AquisiÃ§Ã£o de Imagens Baseada em PRNU},
  Booktitle = {Anais do SimpÃ³sio Brasileiro de TelecomunicaÃ§Ãµes (SBrT)},
  Year      = {2015},
 
  Address   = {Juiz de Fora, MG, Brasil},
  Pages     = {79--83},
  Month     = {Set.}
}


@InProceedings{Chen2007,
  Title     = {Digital imaging sensor identification (further study)},
  Author    = {Chen, M. and Fridrich, J. and Goljan, M.},
  Booktitle = SPIE_SSWMC,
  Year      = {2007},
  
  Month     = {Feb.},
  Pages     = {0P-0Q},
  Volume    = {6505},
  Address   = {San Jose, California}
}

@InProceedings{Chen2007_2,
  Title     = {Source Digital Camcorder Identification Using Sensor Photo-Response NonUniformity},
  Author    = {M. Chen and J. Fridrich and M. Goljan and J. Luk\'a\v{s}},
  Booktitle = SPIE_SSWMC,
  Year      = {2007},
  
  Month     = {Feb.},
  Pages     = {1G-1H},
  Volume    = {6505},
  Address   = {San Jose, California}
}

% it is chapter in a book
@Conference{Fridrich2013,
  Title     = {Sensor Defects in Digital Image Forensic},
  Author    = {J. Fridrich},
  Booktitle = {Digital Image Forensics: There is More to a Picture Than Meets the Eye},
  Editor    = {Sencar, H. T. and Memon, N.},
  Pages     = {179-218},
  Year      = {2013},
  Address   = {New York: Springer}
}
%publisher  = {Springer},

@Article{Fridrich2009,
  Title     = {Digital image forensics},
  Author    = {J. Fridrich},
  Journal   = IEEE_M_SP,
  Year      = {2009},

  Month     = {Mar.},
  Number    = {2},
  Pages     = {16--37},
  Volume    = {26}
}

@InProceedings{Goljan2009,
  Title     = {Large scale test of sensor fingerprint camera identification},
  Author    = {M. Goljan and J. Fridrich and T. Filler},
  Booktitle = {Proc. {SPIE}, Electronic Imaging, Media Forensics ans Security},
  Year      = {2009},
  
  Month     = {Feb.},
  Pages     = {17--21},
  Volume    = {7254},
  Address   = {San Jose, California}
}

% it is chapter in a book
@Conference{Gonzalez2006:ch2,
  Title     = {Digital Image Fundamentals},
  Author    = {Gonzalez, R. C. and Woods, R. E.},
  Booktitle = {Digital Image Processing},
  Pages     = {57-125},
  Year      = {2007},
  Address   = {3rd ed. Upper Saddle River, NJ: Prentice-Hall, Inc.}
}
%publisher  = {Prentice-Hall, Inc.},

@Article{Kang2014,
  Title     = {A context-adaptive {SPN} predictor for trustworthy source camera identification},
  Author    = {Kang, X. and Chen, J. and Lin, K. and Anjie, P.},
  Journal   = {EURASIP J. Image and Video Processing},
  Year      = {2014},

  Month     = {Apr.},
  Number    = {1},
  Pages     = {19},
  Volume    = {2014}
}

@Article{Kang2012,
  Title     = {Enhancing Source Camera Identification Performance With a Camera Reference Phase Sensor Pattern Noise},
  Author    = {Kang, X. and Li, Y. and Qu, Z. and Huang, J.},
  Journal   = IEEE_J_IFS,
  Year      = {2012},

  Month     = {Apr.},
  Number    = {2},
  Pages     = {393-402},
  Volume    = {7}
}

@Article{Li2012,
  Title     = {Color-decoupled photo response non-uniformity for digital image forensics},
  Author    = {C.-T. Li and Y. Li},
  Journal   = IEEE_J_CASVT,
  Year      = {2012},

  Month     = {Feb.},
  Number    = {2},
  Pages     = {260--271},
  Volume    = {22}
}

@Article{Lukas2006,
  Title     = {Digital camera identification from sensor pattern noise.},
  Author    = {J. Luk\'a\v{s} and J. Fridrich and M. Goljan},
  Journal   = IEEE_J_IFS,
  Year      = {2006},

  Month     = {Jun.},
  Number    = {2},
  Pages     = {205--214},
  Volume    = {1}
}

@InProceedings{Mihcak1999,
  Title     = {Spatially adaptive statistical modeling of wavelet image coefficients and its application to denoising},
  Author    = {M. K. Mihcak and I. Kozintsev and K. Ramchandran},
  Booktitle = IEEE_ICASSP,
  Year      = {1999},

  Address   = {Phoenix, AZ},
  Month     = {Mar.},
  Pages     = {3253--3256},
  Volume    = {6}
}

@Article{Popescu2005,
  Title     = {Exposing digital forgeries in color filter array interpolated images},
  Author    = {A. C. Popescu and H. Farid},
  Journal   = IEEE_J_SP,
  Year      = {2005},

  Month     = {Oct.},
  Number    = {10},
  Pages     = {3948--3959},
  Volume    = {53}
}

@InProceedings{Qu2013,
  Title     = {Forensic sensor pattern noise extraction from large image data set},
  Author    = {Z. Qu and X. Kang and J. Huang and Y. Li},
  Booktitle = IEEE_ICASSP,
  Year      = {2013},

  Address   = {Vancouver, Canada},
  Month     = {May},
  Pages     = {3023--3027}
}

@Article{Redi2011,
  Title     = {Digital image forensics: a booklet for beginners},
  Author    = {J. A. Redi and W. Taktak and J.-L. Dugelay},
  Journal   = {Multimedia Tools Appl.},
  Year      = {2011},

  Month     = {Jan.},
  Number    = {1},
  Pages     = {133-162},
  Volume    = {51}
}

@Article{Choi2006,
  Author    = {K. S. Choi and E. Y. Lam and K. K. Y. Wong},
  Title     = {Automatic source camera identification using the intrinsic lens radial distortion},
  Journal   = {Opt. Express},
  Year      = {2006},
  
  Volume    = {14},
  Pages     = {11551--11565},
  Number    = {24},
  Month     = {Nov}
}

@InProceedings{Bayram2005,
  Author    = {S. Bayram and H. T. Sencar and N. Memon},
  Title     = {Source camera identification based on {CFA} interpolation},
  Booktitle = IEEE_ICIP,
  Year      = {2005},
  
  Address   = {Genoa, Italy},
  Month     = {Sept.},
  Pages     = {69--72},
  Volume    = {3}
}

@Article{Dirik2008,
  Author    = {A. E. Dirik and H. T. Sencar and N. D. Memon},
  Title     = {Digital Single Lens Reflex Camera Identification From Traces of Sensor Dust},
  Journal   = IEEE_J_IFS,
  Year      = {2008},
  
  Volume    = {3},
  Pages     = {539--552},
  Number    = {3},
  Month     = {Sept.}
}


@InProceedings{Geradts2001,
  Author    = {Z. J. Geradts and J. Bijhold and M. Kieft and K. Kurosawa and K. Kuroki and N. Saitoh},
  Title     = {Methods for identification of images acquired with digital cameras},
  Booktitle = {Proc. {SPIE}, Enabling Technologies for Law Enforcement and Security},
  Year      = {2001},

  Address   = {Boston, Massachusetts},
  Pages     = {505--512},
  Month     = {Feb.},
  Volume    = {4232}
}

@InProceedings{Kurosawa1999,
  Author    = {K. Kurosawa and K. Kuroki and N. Saitoh},
  Title     = {{CCD} Fingerprint Method-Identification of a Video Camera from Videotaped Images},
  Booktitle = IEEE_ICIP,
  Year      = {1999},
  
  Address   = {Kobe, Japan},
  Pages     = {537--540},
  Month     = {Oct.},
  Volume    = {3}
}

@Article{Li2010,
  Author    = {C.-T. Li},
  Title     = {Source Camera Identification Using Enhanced Sensor Pattern Noise},
  Journal   = IEEE_J_IFS,
  Year      = {2010},
  
  Volume    = {5},
  Pages     = {280--287},
  Number    = {2},
  Month     = {Jun.}
}

% ADD SITE?
@InProceedings{Gloe2010,
  Author    = {T. Gloe and R. BÃ¶hme},
  Title     = {The `{D}resden {I}mage {D}atabase' for Benchmarking Digital Image Forensics},
  Booktitle = {Proc. of the 25th Symposium On Applied Computing (ACM SAC 2010)},
  Year      = {2010},
  
  Address   = {Sierre, Switzerland},
  Pages     = {1585--1591},
  Month     = {Mar.},
  Volume    = {2}
}

@InProceedings{Filler2008,
  Author    = {Filler, T. and Fridrich, J. and Goljan, M.},
  Title     = {Using sensor pattern noise for camera model identification},
  Booktitle = IEEE_ICIP,
  Year      = {2008},
  
  Address   = {San Diego, CA},
  Pages     = {1296--1299},
  Month     = {Oct.},
  Volume    = {}
}