
@misc{_xiph.org_????,
	title = {Xiph.org :: {Derf}'s {Test} {Media} {Collection}},
	url = {https://media.xiph.org/video/derf/},
	urldate = {2016-04-26},
	note = {00002},
	file = {Xiph.org \:\: Derf's Test Media Collection:/home/luan/.mozilla/firefox/gteug88s.default/zotero/storage/486RCJZJ/derf.html:text/html}
}