@Misc{Cantur:2018:IFSC,
 author  = {Cantur, Gabriel C},
 title   = "{Implementação de Toolbox Octave de Técnicas de Sincronismo de Símbolo em Sistemas de Telecomunicações.}",
 note    = {Instituto Federal de Santa Catarina},
 year    = {2018}
}

@book{john2001digital,
  title={Digital communications},
  author={John, G and others},
  year={2001},
  publisher={Mc-Graw-Hill}
}

@misc{carlson2002introduction,
  title={An Introduction to Signals and Noise in Electrical Communication},
  author={Carlson, A Bruce and Crilly, PB and Rutledge, JC},
  year={2002},
  publisher={Communication Systems, 4th Edition, McGraw Hill}
}

@misc{netoaprendendo,
  title={APRENDENDO NA PR{\'A}TICA: USO DO MATLAB{\textregistered} NO ESTUDO DA TAXA DE ERRO DE S{\'I}MBOLO EM MODULA{\c{C}}{\~O}ES M-{\'A}RIAS COM DETEC{\c{C}}{\~A}O COERENTE},
  author={Neto, Polycarpo S and de Almeida, Wellington D and Gurgel, Kaio JA and Ferreira, Maria KS and Aquino, Francisco JA}
}

@misc{shannon1998introduction,
  title={Introduction to the art and science of simulation},
  author={Shannon, Robert E},
  booktitle={1998 Winter Simulation Conference. Proceedings (Cat. No. 98CH36274)},
  volume={1},
  pages={7--14},
  year={1998},
  organization={IEEE}
}

@misc{yuting2010simulation,
  title={The Simulation Design of MATLAB Applied to the Modem Technology of Digital Communication System},
  author={Yuting, Dong and Lijun, Fan},
  booktitle={2010 Third International Symposium on Information Science and Engineering},
  pages={438--441},
  year={2010},
  organization={IEEE}
}

@Misc{octave,
  Title                    = {{Octave}},

  File                     = {OpenCV | OpenCV:/caio/luan/.mozilla/firefox/gteug88s.default/zotero/storage/H3QJGDZN/opencv.org.html:text/html},
  Owner                    = {caio},
  Timestamp                = {2020.11.20},
  Url                      = {https://www.gnu.org/software/octave/},
  Urldate                  = {2020.11.20}
}

@inproceedings{aquino2012modelo,
  title={Modelo de Sistema de Comunica{\c{c}}{\~a}o Digital Usando SCILAB},
  author={Aquino, Francisco Jos{\'e}},
  booktitle={VII CONNEPI-Congresso Norte Nordeste de Pesquisa e Inova{\c{c}}{\~a}o},
  year={2012}
}