%% Created by Gabriel Peixoto de Carvalho

%%articles%%-------------------------------------------------------------------

@Article{kelley2009,
  author =  {Brian Kelley},
  title =   {Software Defined Radio for Broadband {OFDM} Protocols},
  journal = {IEEE International Conference on Systems, Man, and Cybernetics},
  year =    {2009}
}

@Article{neenu2014,
  author =  {Neenu Joseph and Dr. P Nirmal Kumar},
  title =   {{FPGA} based Realization of {OFDM} Transceiver system for Software Defined Radio},
  journal = {2nd International Conference on Devices, Circuits and Systems (ICDCS)},
  year =    {2014}
}
